%===============================================================================
%
%	Space Debris
%
%------------------------------------------------------------------------------
@article{odqn_v13i2,
  author={Liou, Jer-Chyi},
  title={{Satellite Collision Leaves Significant Debris Clouds}},
  journal={Orbital Debris Quarterly News},
  volume={13},
  number={2},
  year={April 2009}
}
@article{anzMeador2004,
  title   ={International Guidelines for the Preservation of Space as a Unique Resource},
  author  ={Anz-Meador, Phillip D},
  journal ={Online Journal of Space Communication},
  volume  ={6},
  year    ={2004}
}

@article{odqn_v15i3,
  author={Liou, Jer-Chyi},
  title={{International Space Station Again Dodges Debris}},
  journal={Orbital Debris Quarterly News},
  volume={15},
  number={3},
  year={July 2011}
}

@inproceedings{klinkrad2005,
  title     ={{Collision avoidance for operational ESA satellites}},
  author    ={Klinkrad, H and Alarcon, JR and Sanchez, N},
  booktitle ={4th European Conference on Space Debris},
  volume    ={587},
  pages     ={509},
  year      ={2005}
}

@conference{klinkrad2013,
  author={Klinkrad, Heiner},
  title={{Space Debris Mitigation Activities at ESA in 2013}},
  year={2014},
  booktitle={{Fifty-first session of the UNCOPUOS Scientific and Technical Subcommittee, Vienna, Austria}}
}

@book{klinkrad2006,
  title={Space Debris: Models and Risk Analysis},
  author={Klinkrad, H.},
  series={Springer Praxis Books},
  year={2006},
  publisher={Springer}
}

@conference{flohrer2008, 
  title     ={{Assessment and Categorization of TLE Orbit Errors for the US SSN Catalogue}},
  booktitle ={{Proceedings of the Advanced Maui Optical and Space Surveillance Technologies Conference, AMOS, Maui, Hawaii}},
  author    ={Flohrer, Tim and Krag, Holger and Klinkrad, Heiner},
  year      ={2008}
}

%===============================================================================
%
%	TLE
%
%------------------------------------------------------------------------------
@article{hoots2004,
  author={Hoots, Felix R and Schumacher, Paul W and Glover, Robert A},
  title={{History of Analytical Orbit Modeling in the U.S. Space Surveillance System}},
  journal={Journal of Guidance, Control and Dynamics},
  volume={27},
  number={2},
  year={2004}
}

@misc{bowman2013,
  author={Bowman, Bruce},
  title={Personal e-mail correspondation},
  year={March 2014}
}

@book{brouwer1961,
  author    = {Brouwer, Dirk and Clemence, Gerald M},
  title     = {Methods of Celestial Mechanics},
  publisher = {Academic Press},
  year      = {1961}
}

@article{cowell1909,
  author  = {Cowell, Philip Herbert and Crommelin, Andrew C},
  title   = {Investigation of the motion of {H}alley's comet from 1759 to 1910},
  journal = {Appendix to Greenwich Observations for 1909},
  pages   = {1--84},
  year    = {1909}
 
}

@article{brouwer1959,
  author  = {Brouwer, Dirk},
  journal = {Astronomical Journal},
  number  = {1274},
  pages   = {378--396},
  title   = {{Solution of the Problem of Artificial Satellite Theory Without Drag}},
  volume  = {64},
  year    = {1959}
}

@online{kelso2015,
  author = {{Kelso, T S}},
  title = {{Orbit Determination (Satellite Times, July/August 1995)}},
  month = jan,
  year = {2015},
  url = {http://celestrak.com/columns/v01n06/}
}

@conference{bird2010,
  author={Bird, Duane},
  title={{Sharing Space Situational Awareness Data}},
  year={2010},
  booktitle={{Proceedings of the Advanced Maui Optical and Space Surveillance Technologies Conference, AMOS, Maui, Hawaii}}
}

%===============================================================================
%
%	SSA
%
%------------------------------------------------------------------------------

@online{spacenews2015,
  author = {{SpaceNews}},
  title = {{Editorial - For Air Force and ComSpOC, Things are Looking Up}},
  month = Oct,
  year = {2015},
  url = {http://spacenews.com/editorial-for-air-force-and-comspoc-things-are-looking-up/}
}

@conference{oltrogge2011,
  author = {Oltrogge, Daniel and Kelso, T S},
  title  = {{Ephemeris Requirements for Space Situational Awareness}},
  year   = {2011},
  booktitle={{AAS/AIAA Space Flight Mechanics Conference, New Orleans, LA, AAS 11-151}}
}

@conference{bobrinsky2009,
  author={Bobrinsky, Nicolas},
  title={{The European SSA Preparatory Programme}},
  year={2009},
  booktitle={{5th meeting of the PECS committee, ESRIN, Italy}}
}

@conference{klinkrad2007,
  author={Klinkrad, Heiner and Donath, Therese and Schildknecht, Thomas},
  title={{Investigations of the Feasibility of a European Space Surveillance System}},
  year={2007},
  booktitle={{7th US/Russian Space Surveillance Workshop, Monterey, CA}}
}

@inproceedings{alarcon2005,
  title={Independent orbit determination for collision avoidance},
  author={Alarc{\'o}n, J R and Klinkrad, H and Cuesta, J and Martinez, F M},
  booktitle={4th European Conference on Space Debris},
  volume={587},
  pages={331},
  year={2005}
}

@conference{vallado2006,
  author={Vallado, David A and Seago, John H and Seidelmann, P K},
  title={{Implementation Issues Surrounding the New IAU Reference Systems for Astrodynamics}},
  year={2006},
  booktitle={{AAS/AIAA Space Flight Mechanics Conference, Tampa, FL, AAS 06-134}}
}

@conference{vallado2005,
  author={Vallado, David A and Kelso, T S},
  title={{Using EOP and Space Weather Data for Satellite Operations}},
  year={2005},
  booktitle={{AAS/AIAA Space Flight Mechanics Conference, Lake Tahoe, CA, AAS 05-406}}
}

@conference{horstmann2015,
  author={Horstmann, Andr\'e and Braun, Vitali and Klinkrad, Heiner},
  title={{Performance of variable step numerical integration across eclipse boundary crossings for HAMR objects}},
  year={2015},
  booktitle={{AAS/AIAA Astrodynamics Specialist Conference, Vail, CO, AAS 15-506}}
}

@online{ball2015,
  author = {{Ball Aerospace \& Technologies Corp.}},
  title = {{SBSS Space Vehicle}},
  month = jan,
  year = {2015},
  url = {http://www.ballaerospace.com/file/media/SBSS%2006_10.pdf}
}

@book{esa2008,
  author    = {{European Space Agency Council}},
  title     = {{Space Situational Awareness Preparatory Programme Proposal}},
  publisher = {ESA/C(2008)142},
  year    = {2008}
}

@book{allahdadi2013,
  title={Safety Design for Space Operations},
  author={Allahdadi, F. and Rongier, I. and Wilde, P. and Sgobba, T.},
  year={2013},
  publisher={Elsevier Science}
}

@conference{valero2013,
  title={Application of Use Case Scenarios to Support the Development of a Future SSA Governance and Data Policy in Europe},
  author={Valero, Juan-Luis and Albani, Sergio and Gallardo, Beatriz and Matute, Jacobo and O'Dwyer, Anthony},
  year={2013},
  booktitle= {{Sixth IAASS International Space Safety Conference, Montreal, Canada}}
}

 %(\selectlanguage{russian} Эпоха классической ракетно-космической обороны \selectlanguage{english})},
@book{gavrilin2008,
  title={Jepoha klassicheskoj raketno-kosmicheskoj oborony},
  author={Gavrilin, Evgenij Vasil'evich},
  year={2008},
  publisher={Tehnosfera, Moscow}
}

@conference{krag2010, 
  title     ={{The European Surveillance and Tracking System - Services and Design Drivers}},
  booktitle ={{Proceedings of the SpaceOps Conference, Huntsville, Alabama}},
  author    ={Krag, Holger and Flohrer, Tim and Klinkrad, Heiner and Fletcher, Emmet},
  year      ={2010}
}

@conference{aida2011, 
  title     ={{Collision Risk Assessment and Operational Experiences for LEO Satellites at GSOC}},
  booktitle ={{22$^{nd}$ International Symposium on Space Flight Dynamics (ISSFD), S\~ao Jos\'e dos Campos, Brazil}},
  author    ={Aida, Saika and Kirschner, Michael},
  year      ={2011}
}

@article{kahr2013,
  author = {Kahr, Erin and Montenbruck, Oliver and O'Keefe, Kyle P. G.},
  journal = {Journal of Spacecraft and Rockets},
  month   = mar,
  number  = {2},
  pages   = {433--439},
  title   = {{Estimation and Analysis of Two-Line Elements for Small Satellites}},
  volume  = {50},
  year    = {2013}
}

@article{levit2011,
  title   = {Improved orbit predictions using two-line elements},
  journal = {{Advances in Space Research}},
  volume  = {47},
  number  = {7},
  pages   = {1107--1115},
  year    = {2011},
  author  = {Levit, Creon and Marshall, William},
}

@conference{kelso2007, 
  title     ={{Validation of SGP4 and ICD-GPS-200 against GPS Precision Ephemerides}},
  booktitle ={{AIAA/AAS Astrodynamics Specialist Conference, Paper AIAA-2007-127, Sedona, AZ}},
  author    ={Kelso, T S},
  year      ={2007}
}


@conference{schumacher2000, 
  title     ={{Evolution of the NAVSPACECOM Catalog Processing System Using Special Perturbations}},
  booktitle ={{Proceedings of the Fourth US/Russian Space Surveillance Workshop, US Naval Observatory, Washington, DC}},
  author    ={Schumacher, Paul W and Hoots, Felix R},
  year      ={2000}
}

@conference{vallado2012, 
  title     ={{Two-Line Element Sets - Practice and Use}},
  booktitle ={{63rd International Astronautical Congress, Naples, Italy}},
  author    ={Vallado, David A and Cefola, Paul J},
  year      ={2012}
}

@conference{wilkins2000, 
  title     ={{Transitioning from a General Perturbations to a Special Perturbations Space Object Catalog}},
  booktitle ={{AIAA/AAS Astrodynamics Specialist Conference, Paper AIAA-2000-4238, Denver, CO}},
  author    ={Wilkins, Matthew P and Alfriend, Kyle T and Coffey, Shannon L and Segerman, Alan M},
  year      ={2000}
}


@conference{aida2009, 
  title     ={{Monitoring and Mitigation of Close Proximities in Low Earth Orbit}},
  booktitle ={{21$^{st}$ International Symposium on Space Flight Dynamics (ISSFD), Toulouse, France}},
  author    ={Aida, Saika and Patzelt, Thomas and Leushacke, Ludger and Kirschner, Michael and Kiehling, Reinhard},
  year      ={2009}
}

@conference{khutorovsky2007, 
  title     ={{Low-Perigee Satellite Catalog Maintenance: Issues of Methodology}},
  booktitle ={{Second European Conference on Space Debris, ESOC, Darmstadt, Germany}},
  author    ={Khutorovsky, Zakhari N},
  year      ={2007}
}

@article{boikov2009,
  author = {Boikov, Vladimir F. and Makhonin, G. N. and Testov, A. V. and Khutorovsky, Zakhary N. and Shogin, A. N.},
  journal = {Journal of Guidance, Control, and Dynamics},
  month   = jul,
  number  = {4},
  pages   = {1179--1199},
  title   = {{Prediction Procedures Used in Satellite Catalog Maintenance}},
  volume  = {32},
  year    = {2009}
}

@online{globalSecurity2015,
  author = {{GlobalSecurity.org}},
  title  = {{Russian Space Surveillance System}},
  month  = jan,
  year   = {2015},
  url    = {http://www.globalsecurity.org/space/world/russia/space-surveillance.htm}
}

@online{usstratcom2015,
author = {{U.S. Strategic Command}},
title = {{USSTRATCOM Space Control and Space Surveillance}},
month = jan,
year = {2015},
url = {http://www.stratcom.mil/factsheets/11/Space_Control_and_Space_Surveillance/}
}

@online{pafb2015,
author = {{Peterson Air Force Base}},
title = {{20th Space Control Squadron - Fact Sheet}},
month = jan,
year = {2015},
url = {http://www.peterson.af.mil/library/factsheets/factsheet.asp?id=4730}
}

%===============================================================================
%
%	Coordinate systems
%
%------------------------------------------------------------------------------

@inproceedings{coppola2009,
  author    = {Coppola, Vincent and Seago, John H and Vallado, David A},
  booktitle = {AAS/AIAA Astrodynamics Specialist Conference},
  title     = {{The IAU 2000A and IAU 2006 Precession-Nutation Theories and their Implementation, Paper AAS 09-159}},
  year      = {2011}
}

@article{gibbs1898,
  title={Fourier's series},
  author={Gibbs, J Willard},
  journal={Nature},
  volume={59},
  pages={200},
  year={1898}
}

@article{tanygin2014,
  title={Efficient Covariance Interpolation Using Blending of Approximate Covariance Propagations},
  author={Tanygin, Sergei},
  journal={The Journal of the Astronautical Sciences},
  volume={61},
  number={1},
  pages={107--132},
  year={2014},
  publisher={Springer}
}

@article{woodburn2002,
  title={Position covariance visualization},
  author={Woodburn, James and Tanygin, Sergei},
  journal={AIAA paper},
  volume={4985},
  year={2002}
}

@article{alfano2004,
  title={Orbital covariance interpolation},
  author={Alfano, Salvatore and others},
  year={2004}
}

@article{segerman1998,
  title={Ephemeris Compression Using Multiple Fourier Series},
  author={Segerman, A M and Coffey, S L},
  journal={The Journal of the astronautical sciences},
  volume={46},
  number={4},
  pages={343--359},
  year={1998},
  publisher={American Astronautical Society}
}

@article{deprit1979,
  title={Compression of ephemerides by discrete Chebyshev approximations},
  author={Deprit, Andr{\'e} and Pickard, Henry and Poplarchek, Walter},
  journal={Navigation},
  volume={26},
  number={1},
  pages={1--11},
  year={1979},
  publisher={Wiley Online Library}
}

@book{seidelmann2006,
  title={Explanatory Supplement to the Astronomical Almanac},
  author={Seidelmann, P. K.},
  year={2006},
  publisher={United States Naval Observatory, Nautical Almanac Office, University Science Books}
}

@article{seidelmann2002,
author = {Seidelmann, P K and Kovalevsky, J},
journal = {Astronomy \& Astrophysics},
number = {392},
pages = {341--351},
title = {{Application of the new concepts and definitions (ICRS, CIP and CEO) in fundamental astronomy}},
volume = {351},
year = {2002}
}

@techreport{mccarthy1996,
author      = {McCarthy, Dennis D},
title       = {{IERS Conventions (1992)}},
type        = {{IERS Technical Note No. 21}},
institution = {{Central Bureau of IERS - Observatoire de Paris}},
year        = {1996}
}

@techreport{luzum2010,
author      = {Luzum, Brian and Petit, Gerard},
title       = {{IERS Conventions (2010)}},
type        = {{IERS Technical Note No. 36}},
institution = {{International Earth Rotation and Reference Systems Service, Verlag des Bundesamts f\"ur Kartographie und Geod\"asie, Frankfurt am Main}},
year        = {2010}
}

@article{wallace2006,
  author  = {Wallace, P T and Capitaine, N},
  journal = {Astronomy \& Astrophysics},
  pages   = {981--985},
  title   = {{Precession-Nutation Procedures Consistent with IAU 2006 Resolutions}},
  volume  = {985},
  year    = {2006}
}

@article{capitaine2003,
  author  = {Capitaine, N and Wallace, P T and Chapront, J},
  journal = {Astronomy \& Astrophysics},
  pages   = {567--586},
  title   = {{Expressions for IAU 2000 precession quantities}},
  volume  = {412},
  year    = {2003}
}

@article{kaplan2005,
author = {Kaplan, George H},
title = {{The IAU Resolutions on Astronomical Reference Systems, Time Scales, and Earth Rotation Models - Explanation and Implementation. US Naval Observatory Circular No. 179}},
year = {2005}
}

@inproceedings{bradley2011,
author = {Bradley, Ben K and Vallado, David A and Sibois, Aurore and Axelrad, Penina},
booktitle = {AAS/AIAA Astrodynamics Specialist Conference},
title = {{Earth Orientation Parameter Considerations for Precise Spacecraft Operations, Paper AAS 11-529}},
year = {2011}
}

@techreport{lange2014,
  author      = {Lange, Guido},
  title       = {{Characteristics of the IAU-based GCRF/ITRF transformations in view of orbit propagation applications}},
  type        = {Research thesis},
  institution = {{Institute of Aerospace Systems, TU Braunschweig}},
  year        = {2014}
}
%===============================================================================
%
%	Interpolation
%
%------------------------------------------------------------------------------
@book{abramowitz1964,
  author    = {Abramowitz, Milton and Stegun, Irene A.},
  edition   = {{9th Dover printing, 10th GPO printing}},
  publisher = {Dover},
  title     = {Handbook of Mathematical Functions with Formulas, Graphs, and Mathematical Tables},
  year      = 1964
}

@article{clenshaw1955,
  author    = {Clenshaw, C. W.},
  title     = {{A note on the summation of Chebyshev series}},
  journal   = {{Mathematical Tables and other Aids to Computation}},
  year      = 1990,
  volume    = 9,
  pages     = {118--120}
}

@techreport{baade2012,
  author      = {Baade, Michael},
  title       = {{Interpolation von Ephemeriden erdgebundener Satelliten}},
  type        = {Research thesis},
  institution = {{Institute of Aerospace Systems, TU Braunschweig}},
  year        = {2012}
}

@article{horemuz2006,
  title={Polynomial interpolation of GPS satellite coordinates},
  author={Horemu{\v{z}}, Milan and Andersson, Johan Vium},
  journal={GPS solutions},
  volume={10},
  number={1},
  pages={67--72},
  year={2006},
  publisher={Springer}
}

@article{schenewerk2003,
  title={A brief review of basic GPS orbit interpolation strategies},
  author={Schenewerk, Mark},
  journal={GPS solutions},
  volume={6},
  number={4},
  pages={265--267},
  year={2003},
  publisher={Springer}
}

@article{runge1901,
  author    = {Runge, Carl},
  title     = {{\"Uber empirische Funktionen und die Interpolation zwischen \"aquidistanten Ordinaten}},
  journal   = {{Zeitschrift f\"ur Mathematik und Physik}},
  year      = 1901,
  volume    = 46,
  pages     = {224--243}
}

@article{sadr1990,
  author    = {Sadr, R. and Shahshahani, M.},
  title     = {{Planetary Ephemerides Approximation for Radar Astronomy}},
  journal   = {{Telecommunications and Data Acquisition Progress Report}},
  year      = 1990,
  volume    = 104,
  pages     = {219--234}
}

@techreport{ecss2008,
  author  = {{European Cooperation for Space Standardization (ECSS)}},
  title   = {{Space engineering - Space environment}},
  number  = {ECSS-E-ST-10-04C},
  month   = {November},
  year    = {2008},
  address = {Nordwijk, The Netherlands}
}

@article{barnard1998,
  title     = {Gram Polynomials and the Kummer Function},
  journal   = {Journal of Approximation Theory},
  volume    = {94}, 
  number    = {1},
  pages     = {128 - 143},
  year      = {1998},
  author    = {Barnard, R. W. and Dahlquist, G. and Pearce, K. and Reichel, L. and Richards, K. C.}
}

@techreport{standish1998,
  author      = {Standish, E. M.},
  institution = {Pasadena, California Publication, Jet Propulsion Laboratory},
  title       = {{JPL Planetary and Lunar Ephemerides, DE405/LE405, JPL IOM 312.F-98-048}},
  year        = 1998
}

@article {newhall1988,
   author   = {Newhall, X. X.},
   title    = {Numerical representation of planetary ephemerides},
   journal  = {Celestial Mechanics and Dynamical Astronomy},
   publisher= {Springer Netherlands},
   pages    = {305--310},
   volume   = {45},
   issue    = {1},
   year     = {1988}
}

@book{gil2007,
 author    = {Gil, Amparo and Segura, Javier and Temme, Nico M.},
 title     = {Numerical Methods for Special Functions},
 year      = {2007},
 edition   = {1},
 publisher = {Society for Industrial and Applied Mathematics},
 address   = {Philadelphia, PA, USA},
}

%===============================================================================
%
%	Orbit data formats
%
%------------------------------------------------------------------------------
@misc{xml,
  title        = {{Extensible Markup Language (XML) 1.0 Specification (Fifth Edition)}},
  author       = {{W3C, World Wide Web Consortium}}, 
  howpublished = {\url{http://www.w3.org/TR/REC-xml/}, (last access on 2014-06-26)},
  year         = {2008}
}

@techreport{sanchez2013,
  author      = {S\'{a}nchez-Ortiz, Noelia and Correia de Oliveira, Joaquim and Dom\'{i}nguez Gonz\'{a}lez, Ra\'{u}l and Parrilla Endrino, Esther and Gelhaus, Johannes and Braun, Vitali and Kebschull, Christopher and Krag, Holger},
  institution = {European Space Agency, Document ID ILR/DRAMA/SN1000},
  title       = {{Study Note on WP1000 (ARES upgrade)}},
  year        = 2013
}


@techreport{hoots80,
  author      = {Hoots, F. R. and Roehrich, R. L.},
  institution = {Aerospace Defense Center, Peterson Air Force Base},
  title       = {{Spacetrack Report No. 3: Models for propagation of {NORAD} element sets}},
  year        = 1980
}

@conference{vallado2006b,
  author      = {Vallado, David and Crawford, Paul and Hujsak, Richard and Kelso, T S},
  booktitle   = {{AIAA/AAS Astrodynamics Specialist Conference, Paper AIAA-2006-6753, Keystone, CO}},
  title       = {{Revisiting Spacetrack Report \#3}},
  year        = 2006
}

@techreport{iso26900,
  author  = {{International Organization for Standardization (ISO)}},
  title   = {{Space data and information transfer systems - Orbit data messages}},
  number  = {ISO 26900:2012},
  month   = {July},
  year    = {2012},
  address = {Geneva, Switzerland}
}

@techreport{iso5725,
  author  = {{International Organization for Standardization (ISO)}},
  title   = {{Accuracy (trueness and precision) of measurement methods and results -- Part 1: General principles and definitions}},
  number  = {ISO 5725-1:1994},
  month   = {December},
  year    = {1994},
  address = {Geneva, Switzerland}
}

%{World Wide Web Consortium (W3C)},
@techreport{iso8601,
  author  = {{International Organization for Standardization (ISO)}},
  title   = {{Data elements and interchange formats - Information interchange - Representation of dates and times}},
  number  = {ISO 8601:2004},
  month   = {December},
  year    = {2004},
  address = {Geneva, Switzerland}
}

@techreport{iso11233,
  author  = {{International Organization for Standardization (ISO)}},
  title   = {{Space systems - Orbit determination and estimation - Process for describing techniques}},
  number  = {ISO 11233:2014},
  month   = {April},
  year    = {2014},
  address = {Geneva, Switzerland}
}

@techreport{aiaa2010,
  author  = {{American Institute of Aeronautics and Astronautics}},
  title   = {{Guide to Reference and Standard Atmosphere Models}},
  number  = {AIAA G-003C-2010},
  year    = {2010},
  address = {Reston, VA}
}

@techreport{ansi2010,
  author  = {{American National Standards Institute (ANSI)}},
  title   = {{Astrodynamics - Propagation Specifications, Technical Definitions, and Recommended Practices}},
  number  = {ANSI/AIAA S-131-2010},
  month   = {August},
  year    = {2010},
  address = {published by American Institute of Aeronautics and Astronautics, Reston, VA}
}


@misc{spacewarn,
  title        = {{Spacewarn Bulletin}},
  author       = {World Data Center for Satellite Information: WDC-SI},
  howpublished = {\url{http://nssdc.gsfc.nasa.gov/spacewarn}},
  note	       = {Greenbelt, MD, USA, (last access on 2014-02-26)}
}

@techreport{ccsds:odm,
  author  = {{The Consultative Committee for Space Data Systems (CCSDS)}},
  title   = {{Orbit Data Messages, Recommended Standard}},
  number  = {CCSDS 502.0-B-2, Blue Book},
  address = {Washington, DC, USA},
  month   = {November},
  year	  = {2009}
}

@techreport{ccsds:cdm,
  author  = {{The Consultative Committee for Space Data Systems (CCSDS)}},
  title   = {{Conjunction Data Message, Recommended Standard}},
  number  = {CCSDS 508.0-B-1, Blue Book},
  address = {Washington, DC, USA},
  month   = {June},
  year	  = {2013}
}

@techreport{ccsds:ndm,
  author  = {{The Consultative Committee for Space Data Systems (CCSDS)}},
  title   = {{XML Specification for Navigation Data Messages, Recommended Standard}}, 
  number  = {CCSDS 505.0-B-1, Blue Book},
  address = {Washington, DC, USA},
  month   = {December},
  year    = {2010}
}

%===============================================================================
%
%	Propagation
%
%------------------------------------------------------------------------------

@techreport{eanes1995,
  title   ={{The CSR 3.0 Global Ocean Tide Model, CSR-TM-95-06}},
  author  ={Eanes, R and Bettadpur, S},
  institution = {Center for Space Research, University of Texas, Austin, TX},
  year    ={1995}
}

@conference{letellier2004, 
  title     ={The New Global Tidal Solution: {FES2004}},
  booktitle ={{Ocean Surface Topography Science Team Meeting, St. Petersburg, Florida}},
  author    ={Letellier, T and Lyard, F and Lefebre, F},
  year      ={2004}
}

@article{picone2002,
  title   ={{NRLMSISE-00 empirical model of the atmosphere: Statistical comparisons and scientific issues}},
  author  ={Picone, J M and Hedin, A E and Drob, D P and Aikin, A C},
  journal ={Journal of Geophysical Research},
  volume  ={107},
  number  ={A12},
  year    ={2002}
}

@article{drob2008,
  title   ={{An empirical model of the Earth's horizontal wind fields: HWM07}},
  author  ={Drob, D P and Emmert, J T and Crowley, G and Picone, J M and Shepherd, G G and Skinner, W and Hays, P and 
            Niciejewski, R J and Larsen, M and She, C Y and others},
  journal ={Journal of Geophysical Research: Space Physics (1978--2012)},
  volume  ={113},
  number  ={A12},
  year    ={2008}
}

@article{folkner2008,
  title  ={{The Planetary and Lunar Ephemeris DE 421}},
  author ={Folkner, William M and Williams, James G and Boggs, Dale H},
  journal={JPL IOM 343R-08-003}
}

@book{shampine1975,
  title     ={Computer solution of ordinary differential equations: the initial value problem.},
  author    ={Shampine, Lawrence F and Gordon, M K},
  year      ={1975},
  publisher ={San Francisco: W.H. Freeman}
}
@book{kaula2000,
  title={Theory of Satellite Geodesy: Applications of Satellites to Geodesy},
  author={Kaula, William M.},
  series={Dover Earth Science Series},
  year={2000},
  publisher={Dover Publications}
}

@techreport{weidemeyer2013,
  author      = {Weidemeyer, Sebastian},
  title       = {{Ber\"ucksichtigung von Man\"overn im Rahmen der numerischen Bahnintegration}},
  type        = {Research thesis},
  institution = {{Institute of Aerospace Systems, TU Braunschweig}},
  year        = {2013}
}

@article{foerste2008,
  author  = {F\"orste, C and Schmidt, R and Stubenvoll, R and Flechtner, F and Meyer, U and K\"onig, R and Neumayer, H and Biancale, R and Lemoine, J and Bruinsma, S 
             and Loyer, S and Barthelmes, F},
  title   = {{The GFZ/GRGS satellite and combined gravity field models EIGENGL04S1 and EIGEN-GL04C}},
  journal = {Journal of Geodesy},
  pages   = {331 -- 346},
  volume  = {82},
  number  = {6},
  year    = {2008}
}

@article{borderies1990,
  author  = {Borderies, N. and Longaretti, P.},
  journal = {Celestial Mechanics and Dynamical Astronomy},
  pages   = {69--98},
  title   = {{A new treatment of the albedo radiation pressure in the case of a uniform albedo and of a spherical satellite}},
  volume  = {49},
  year    = {1990}
}

@book{casotto1989,
  title     = {Nominal ocean tide models for TOPEX precise orbit determination},
  author    = {Casotto, S.},
  year      = {1989},
  publisher = {PhD Thesis, University of Texas at Austin}
}

@article{kopp2011,
  author  = {Kopp, Greg and Lean, Judith L.},
  title   = {{A new, lower value of total solar irradiance: Evidence and climate significance}},
  journal = {Geophysical Research Letters},
  volume  = {38},
  number  = {1},
  year    = {2011},
}

@misc{lundberg1985,
  address   = {University of Texas at Austin},
  author    = {Lundberg, J. B.},
  publisher = {Center for Space Research},
  title     = {Computational errors and their control in the determination of satellites orbits},
  year      = {1985}
}

@misc{knocke1989,
  address   = {University of Texas at Austin},
  author    = {Knocke, P.},
  publisher = {Center for Space Research},
  title     = {{Earth radiation pressure effects on satellites}},
  year      = {1989}
}

@techreport{lundberg1981,
  author      = {Lundberg, J. B.},
  institution = {Center for Space Research, University of Texas, Austin, TX},
  title       = {{Multistep integration formulas for the numerical integration of the satellite problem}},
  year        = {1981}
}

@techreport{long1989,
  author    = {Long, Anne C. and Cappellari, J. O. and Velez, C. E. and Fuchs, A. J.},
  title     = {{Goddard Trajectory Determination System (GTDS), Mathematical Theory, Revision 1}},
  year      = {1989}
}

@conference{klinkrad1998, 
  title     ={ORBIT AND ATTITUDE PERTURBATIONS DUE TO AERODYNAMICS AND RADIATION PRESSURE},
  booktitle ={{ESA Workshop on Space Weather, Nordwijk, ESTEC}},
  author    ={Klinkrad, Heiner and Fritsche, Bent},
  year      ={1998}
}

@conference{lundberg1991, 
  title     ={Improving the numerical integration solution of satellite orbits in the presence of solar radiation pressure using modified back differences},
  booktitle ={{Proceedings of the 1st AAS/AIAA Annual Spaceflight Mechanics Meeting, Houston}},
  author    ={Lundberg, J. B. and Feulner, M. R. and Abusali, P. A. M. and Ho, C. S.},
  year      ={1991}
}

@book{brumberg1995,
  author  = {Brumberg, Victor A},
  title   = {{Analytical Techniques of Celestial Mechanics}},
  publisher = {{Springer Verlag Berlin Heidelberg New York}},
  year    = {1995}
}

@article{escobal1967,
  title   = {L{unar eclipse of a satellite of the Earth}},
  journal = {Journal of Spacecraft and Rockets},
  volume  = {4},
  pages   = {538--540},
  year    = {1967},
  author  = {Escobal, P R and Robertson, R A}
}

@article{aksnes1976,
  title   = {{Short-period and long-period perturbations of a spherical satellite due to direct solar radiation}},
  journal = {Celestial Mechanics},
  volume  = {13},
  number  = {1},
  pages   = {89--104},
  year    = {1976},
  author  = {Aksnes, K}
}

@article{vokrouhlicky1993,
  author  = {Vokrouhlicky, D and Farinella, P and Mignard, F}, 
  title   = {{Solar Radiation Pressure Perturbations for Earth Satellites - I. A complete theory including penumbra transitions}},
  journal = {Astronomy and Astrophysics},
  volume  = {280},
  pages   = {295--312},
  year    = {1993}
}

@article{vokrouhlicky1994,
  author  = {Vokrouhlicky, D and Farinella, P and Mignard, F}, 
  title   = {{Solar Radiation Pressure Perturbations for Earth Satellites - III. Global atmospheric phenomena and the albedo effect}},
  journal = {Astronomy and Astrophysics},
  volume  = {290},
  pages   = {324--334},
  year    = {1994}
}

@article{vokrouhlicky1996,
  author  = {Vokrouhlicky, D and Farinella, P and Mignard, F}, 
  title   = {{Solar Radiation Pressure Perturbations for Earth Satellites - IV. Effects of the Earth’s Polar Flattening on the Shadow Structure and the Penumbra Transitions}},
  journal = {Astronomy and Astrophysics},
  volume  = {307},
  pages   = {635--644},
  year    = {1996}
}

@article{srivastava2015,
  title   = {{Lunar shadow eclipse prediction models for the Earth orbiting spacecraft: Comparison and application to LEO and GEO spacecrafts}},
  journal = {Acta Astronautica},
  volume  = {110},
  pages   = {206 - 213},
  year    = {2015},
  author  = {Srivastava, V K and Kumar, J and Kulshrestha, S and Srivastava, A and Bhaskar, M K and Kushvah, B S and Shiggavi, P and Vallado, David A},
}

@book{montenbruck2000,
  author  = {Montenbruck, O. and Gill, E.},
  title   = {{Satellite Orbits}},
  publisher = {{Springer Verlag Berlin Heidelberg New York}},
  year    = {2000}
}

@article{barlier1986,
  author  = {Barlier, F and Mignard, F and Carpino, M and Milani, A},
  title   = {{Nongravitational perturbations on the semimajor axis of LAGEOS}},
  pages   = {193--210},
  journal = {{Annales Geophysicae}},
  volume  = {4},
  year    = {1986}
}

@article{sehnal1979,
  author  = {Sehnal, L.},
  journal = {{Bulletin of the Astronomical Institution of Czechoslovakia}},
  number  = {4},
  pages   = {199--204},
  title   = {{The Earth Albedo Model in Spherical Harmonics}},
  volume  = {30},
  year    = {1979}
}

@article{wright1981,
  author  = {Wright, J R},
  journal = {{Journal of Guidance and Control}},
  number  = {3},
  pages   = {304--309},
  title   = {{Sequential Orbit Determination with Auto-Correlated Gravity Model Errors}},
  volume  = {4},
  year    = {1981}
}

@conference{wright2008,
  author    = {Wright, James R and Woodburn, James and Truong, Son and Chuba, William},
  title     = {{Orbit Gravity Error Covariance}},
  booktitle = {18th AAS/AIAA Space Flight Mechanics Meeting, Galveston, Texas},
  year      = {2008}
}

@article{rodrigues1816,
  author  = {Rodrigues, Olinde},
  journal = {{Correspondence sur l'\'Ecole Imp\'eriale Polytechnique}},
  pages   = {361--385},
  title   = {{De l'attraction des sph\'ero\"\i des}},
  volume  = {3},
  year    = {1816}
}

@book{vallado2013,
  title        ={{Fundamentals of Astrodynamics and Applications (Fourth Edition)}},
  author       ={Vallado, David A and McClain, W D},
  year         ={2013},
  publisher    ={Microcosm Press}
}

@book{nazarenko2010,
  title        ={{Errors of Forecasting of Satellite Motion in the Earth Gravitational Field}},
  author       ={Nazarenko, Andrei Ivanovich},
  year         ={2010},
  publisher    ={{Moscow, Institute of Space Research, RAN}}
}


@misc{nist2014,
  author       = {{NIST}},
  title        = {{Digital Library of Mathematical Functions}},
  howpublished = {\url{http://dlmf.nist.gov/}, Release 1.0.8 of 2014-04-25},
  note         = {Online companion to \cite{olver2010}, last access on Aug 6, 2014},
  year         = 2014
}

@book{olver2010,
  editor       = {F.~W.~J. Olver and D.~W. Lozier and R.~F. Boisvert and C.~W. Clark},
  title        = {NIST Handbook of Mathematical Functions},
  publisher    = {Cambridge University Press},
  address      = {New York, NY},
  year         = {2010},
  note         = {Print companion to \cite{nist2014}}
}

@phdthesis{berry2004,
  author       = {Berry, Matthew M.},
  title        = {A variable-step double-integration multi-step integrator},
  school       = {Virginia State University},
  year         = {2004},
}

@conference{riccardi2015,
  author    = {Riccardi, Annalisa and Tardioli, Chiara and Vasile, Massimiliano},
  title     = {{An Intrusive Approach to Uncertainty Propagation in Orbital Mechanics Based on Tchebycheff Polynomial Algebra}},
  year      = {2015},
  booktitle = {AAS/AIAA Astrodynamics Specialist Conference, Vail, Colorado},
}

@article{jones2013,
  author={Jones, Brandon A and Doostan, Alireza and Born, George H},
  title={{Nonlinear Propagation of Orbit Uncertainty Using Non-Intrusive Polynomial Chaos}},
  journal={Journal of Guidance, Control and Dynamics},
  volume={36},
  pages ={430--444},
  number={2},
  year={2013}
}

@article{armellin2010,
  author={Armellin, Roberto and Di Lizia, Pierluigi and Bernelli Zazzera, F and Berz, Martin},
  title={{Asteroid Close Encounters Characterization Using Differential Algebra: the Case of Apophis}},
  journal={Celestial Mechanics and Dynamical Astronomy},
  volume={107},
  pages ={451--470},
  number={4},
  year={2010}
}

@inproceedings{giza2009,
  title={An approach for nonlinear uncertainty propagation: Application to orbital mechanics},
  author={Giza, Daniel and Singla, Puneet and Jah, Moriba},
  booktitle={AIAA Guidance, Navigation, and Control Conference, Chicago IL},
  pages={1--19},
  year={2009}
}

@article{kremer1990,
  title={{The effect of selective availability on differential GPS corrections}},
  author={Kremer, Gregory T and Kalafus, Rudolph M and Loomis, Peter VW and Reynolds, James C},
  journal={Navigation},
  volume={37},
  number={1},
  pages={39--52},
  year={1990},
  publisher={Wiley Online Library}
}

@article{dilizia2008,
  author={Di Lizia, Pierluigi and Armellin, Roberto and Lavagna, Mich\`ele},
  title={{Application of High Order Expansions of Two-Point Boundary Value Problems to Astrodynamics}},
  journal={Celestial Mechanics and Dynamical Astronomy},
  volume={102},
  pages ={355--375},
  number={4},
  year={2008}
}

@article{lee2007,
  author  = {Lee, Deok-Jin and Alfriend, Kyle T},
  title   = {{Sigma Point Filtering for Sequential Orbit Estimation and Prediction}},
  journal = {Journal of Spacecraft and Rockets},
  volume  = {44},
  pages   = {388--398},
  number  = {2},
  year    = {2007}
}

@book{berz1999,
  editor       = {Berz, Martin},
  title        = {Modern Map Methods in Particle Beam Physics, Vol. 108},
  publisher    = {Academic Press},
  year         = {1999},
}



%===============================================================================
%
%	Optimization
%
%------------------------------------------------------------------------------
@book{madsen2004,
  editor       = {Madsen, K and Nielsen, H B and Tingleff, O},
  title        = {Methods for Non-Linear Least Squares Problems},
  publisher    = {Informatics and Mathematical Modelling, Technical University of Denmark},
  year         = {2004},
  edition      = 2
}

@article{sundman1913,
  title={M{\'e}moire sur le probl{\`e}me des trois corps},
  author={Sundman, Karl F},
  journal={Acta mathematica},
  volume={36},
  number={1},
  pages={105--179},
  year={1913},
  publisher={Springer}
}

@article{alfriend1999,
  title={Probability of collision error analysis},
  author={Alfriend, Kyle T and Akella, Maruthi R and Frisbee, Joseph and Foster, James L and Lee, Deok-Jin and Wilkins, Matthew},
  journal={Space Debris},
  volume={1},
  number={1},
  pages={21--35},
  year={1999},
  publisher={Springer}
}

@inproceedings{kelecy2008,
  title={Prediction and tracking analysis of a class of high area-to-mass ratio debris objects in geosynchronous orbit},
  author={Kelecy, Tom and Baker, E and Seitzer, Patrick and Payne, Tim and Thurston, Robin},
  booktitle={AMOS Technical Conference, Wailea, Hawaii},
  year={2008}
}

@article{matney2004,
  title   ={Covariance correlations in collision avoidance probability calculations},
  author  ={Matney, M J and Anz-Meador, P and Foster, J L},
  journal ={Advances in Space Research},
  volume  ={34},
  number  ={5},
  pages   ={1109--1114},
  year    ={2004}
}

@article{mahalanobis1936,
  title={On the generalized distance in statistics},
  author={Mahalanobis, Prasanta Chandra},
  journal={Proceedings of the National Institute of Sciences (Calcutta)},
  volume={2},
  pages={49--55},
  year={1936}
}

@techreport{nielsen1999,
  author  = {Nielsen, H B},
  title   = {{Damping Parameter in Marquardt's Method}},
  number  = {IMM-REP-1999-05},
  institution = {Informatics and Mathematical Modelling, Technical University of Denmark},
  year    = {1999}
}

@article{levenberg1944,
 author    = {Levenberg, K},
 journal   = {Quarterly of Applied Mathematics},
 pages     = {164--168},
 title     = {A Method for the Solution of Certain Problems in Least Squares},
 volume    = {2},
 year      = {1944}
}

@book{gelb1974,
  title	       = {Applied Optimal Estimation},
  author       = {Gelb, Arthur},
  year         = {1974},
  publisher    = {MIT Press}
}

@book{maybeck1979,
  title	       = {Stochastic Models, Estimation, and Control},
  author       = {Maybeck, Peter S.},
  year         = {1979},
  publisher    = {Academic Press, Inc.},
  volume       = {1}
}

@conference{krogh1974,
  author    = {Krogh, Fred T},
  title     = {{Changing stepsize in the integration of differential equations using modified divided differences}},
  series    = {Proceedings of the conference on the Numerical Solution of Ordinary Differential Equations, October 1972, Lecture Notes in Math., vol. 362, pp. 22-71},
  organization = {Springer-Verlag New York},
  year      = {1974}
}

@article{wiener1938,
 author    = {Norbert Wiener},
 journal   = {American Journal of Mathematics},
 number    = {4},
 pages     = {897-936},
 publisher = {The Johns Hopkins University Press},
 title     = {The Homogeneous Chaos},
 volume    = {60},
 year      = {1938}
}


%===============================================================================
%
%	Autoconfiguration
%
%------------------------------------------------------------------------------
@book{press1996,
    author = {Press, William H. and Flannery, Brian P. and Teukolsky, Saul A. and Vetterling, William T.},
    title = {{Numerical Recipes in Fortran 90: The Art of Parallel Scientific Computing}},
    edition = {2},
    publisher = {Cambridge University Press},
    year = {1996}, 
    note = "(last access on 2014-02-26)"
}

%===============================================================================
%
%	Validation
%
%------------------------------------------------------------------------------
@misc{celestrak-nanu-2014,
    author = {Kelso, T. S.},
    title = {{CelesTrak - GPS NANU Messages}},
    howpublished = "\url{http://celestrak.com/GPS/NANU/}",
    year = {2014}, 
    note = "(last access on 2014-02-26)"
}

@techreport{ries1999,
  title   ={{Precise orbits for ERS-2 using laser ranging and PRARE tracking, CSR-TM-99-03}},
  author  ={Ries, John and Bordi, John and Urban, Tim},
  institution = {Center for Space Research, University of Texas, Austin, TX},
  year    ={1999}
}

@misc{csr2014,
    author = {Center for Space Research, University of Texas},
    title = {{Publicly available POD data}},
    howpublished = "\url{ftp://ftp.csr.utexas.edu/pub/}",
    year = {2014}, 
    note = "(last access on 2014-02-28)"
}

@misc{gps2014,
    author = {{National Coordination Office for Space-Based Positioning, Navigation, and Timing}},
    title = {{GPS.gov - Space Segment}},
    howpublished = "\url{www.gps.gov/systems/gps/space/}",
    year = {2014}, 
    note = "(last access on 2014-02-26)"
}
    
@misc{navcen2014,
    author = {{United States Coast Guard Navigation Center}},
    title = {{GPS Constellation Status}},
    howpublished = "\url{http://www.navcen.uscg.gov/?Do=constellationStatus}",
    year = {2014}, 
    note = "(last access on 2014-02-26)"
}

@article{luthcke2003,
  author  = {Luthcke, Scott B and Zelensky, Nikita and Rowlands, David D and Lemoine, Frank G and Williams, Teresa A},
  journal = {{Marine Geodesy}},
  number  = {3--4},
  title   = {{The 1-cm orbit: Jason-1 precision orbit determination using GPS, SLR, DORIS, and altimeter data}},
  volume  = {26},
  year    = {2003}
}

@misc{nasaJason2001,
    author = {{National Aeronautics and Space Administration (NASA)}},
    title  = {Jason 1 Launch (Press Kit)},
    year   = {December 2001}
}

@misc{nasaJason2014,
    author = {{NASA Science Missions Website}},
    title = {{Jason-1}},
    howpublished = "\url{http://science.nasa.gov/missions/jason-1/}",
    year = {2014}, 
    note = "(last access on 2014-03-03)"
}

@misc{about.com2014,
    author = {{About.com}},
    title = {{Fact Sheet - NAVSTAR Global Positioning System}},
    howpublished = "\url{http://usmilitary.about.com/library/milinfo/affacts/blnavstarglobalpositioningsystem.htm}",
    note = "(last access on 2014-02-26)"
}

@misc{nanu2013035,
    author = {United States Coast Guard Navigation Center},
    title = {{NANU 2013-035}},
    howpublished = "\url{http://www.navcen.uscg.gov/?Do=gpsShowNanu&num=2013035}",
    year = {2013}, 
    note = "(last access on 2014-02-27)"
}

@misc{nanu2013031,
    author = {United States Coast Guard Navigation Center},
    title = {{NANU 2013-031}},
    howpublished = "\url{http://www.navcen.uscg.gov/?Do=gpsShowNanu&num=2013031}",
    year = {2013}, 
    note = "(last access on 2014-02-27)"
}

@misc{nanu2014018,
    author = {United States Coast Guard Navigation Center},
    title = {{NANU 2014-018}},
    howpublished = "\url{http://www.navcen.uscg.gov/?Do=gpsShowNanu&num=2014018}",
    year = {2014}, 
    note = "(last access on 2014-02-27)"
}

@misc{nga2013,
    author = {National Geospatial-Intelligence Agency},
    title = {Website},
    howpublished = "\url{https://www.nga.mil/Pages/default.aspx}",
    year = {2014}, 
    note = "(last access on 2014-02-26)"
}

@misc{doris2015,
  author = {{International DORIS Service}},
  title  = {Website (last access on 2015-01-15)},
  howpublished = "\url{http://ids-doris.org/system/37-poe/51-poe-description.html}"
}

@inproceedings{vallado2007,
    author = {Vallado, David A},
    booktitle = {Proceedings of the US-Russian Space Surveillance Workshop},
    title = {{An Analysis of State Vector Prediction Accuracy}},
    year = {2007}
}

@techreport{remondi1989,
  author  = {Remondi, B. W.},
  title   = {{Extending the National Geodetic Survey Geodetic Orbit Formats}}, 
  number  = {NOAA 133 NGS 46},
  year    = {1989}
}

@book{tapley2004,
  author  = {Tapley, B. D. and Schutz, B. E. and Born, G. H.},
  title   = {{Statistical Orbit Determination}},
  publisher = {{Elsevier Academic Press}},
  year    = {2004}
}
